@MISC{frameworks,
    title = {Web Frameworks: Pros And Cons Of Using Frameworks},
    howpublished = {1stWebDesigner},
    author = {Editorial Team},
    year = {2015},
    url = {https://1stwebdesigner.com/web-frameworks/}
}

@MISC{djangoWashingtonPost,
    title = {Django in use at washingtonpost.com},
    howpublished = {The Django Project},
    year = {2005},
    author = {Holovaty, Adrian},
    url = {https://www.djangoproject.com/weblog/2005/dec/08/congvotes/}
}

@MISC{djangoInstagram,
    title = {What Powers Instagram: Hundreds of Instances, Dozens of Technologies},
    howpublished = {Medium},
    author = {Instagram Engineering},
    year = {2011},
    url = {https://instagram-engineering.com/what-powers-instagram-hundreds-of-instances-dozens-of-technologies-adf2e22da2ad}
}

@article{mvc,
    author = {Krasner, Glenn E. and Pope, Stephen T.},
    title = {A Cookbook for Using the Model-view Controller User Interface Paradigm in Smalltalk-80},
    journal = {J. Object Oriented Program.},
    issue_date = {Aug./Sept. 1988},
    volume = {1},
    number = {3},
    month = aug,
    year = {1988},
    issn = {0896-8438},
    pages = {26--49},
    numpages = {24},
    url = {http://dl.acm.org/citation.cfm?id=50757.50759},
    acmid = {50759},
    publisher = {SIGS Publications},
    address = {Denville, NJ, USA},
} 

@inbook{django,
    title={Practical Django Projects},
    author={Bennett, James},
    isbn={9781430208686},
    series={Books for professionals by professionals},
    url={https://books.google.ca/books?id=g4QnCgAAQBAJ},
    year={2008},
    publisher={Apress},
    chapter = {1},
    pages = {2, 3}
}