@MISC{apache,
    title = {What is the Apache HTTP Server Project?},
    howpublished = {Apache Software Foundation},
    url = {https://httpd.apache.org/ABOUT_APACHE.html},
    note = {Retrieved August 13, 2018}
}

@MISC{modwsgi,
    title = {mod\_wsgi},
    howpublished = {Read the Docs},
    url = {https://modwsgi.readthedocs.io/en/develop/},
    note = {Retrieved August 13, 2018}
}

@MISC{wsgi,
    title = {PEP 3333 -- Python Web Server Gateway Interface v1.0.1},
    howpublished = {Python Software Foundation},
    url = {https://www.python.org/dev/peps/pep-3333/},
    note = {Retrieved August 13, 2018}
}