% Putting braces around words in titles (or the whole title)
% forces LaTeX to respect that capitalization.  Otherwise, depending on
% your reference style, it might change the capitalization.

@article{featureCreep,
    author = {Boram Lee \& Woohun Lee},
    title = {Feature Creep in Design Students' Works: Why and How it Happens in Student Design Processes},
    journal = {The Design Journal},
    volume = {18},
    number = {3},
    pages = {345-365},
    year  = {2015},
    publisher = {Routledge},
    doi = {10.1080/14606925.2015.1059603},
  
    URL = {
            https://doi.org/10.1080/14606925.2015.1059603
    },
    eprint = { 
            https://doi.org/10.1080/14606925.2015.1059603
    }
}

@MISC{msFeatureCreep,
    author = {Des Traynor},
    title = {When you think about feature creep and bloated products what comes to mind? Endless tabs, toolbars, settings, and preferences, right?},
    howpublished = {Inside Intercom},
    url = {https://www.intercom.com/blog/what-does-feature-creep-look-like/}
}

@MISC{gitlab,
    title = {About Us},
    howpublished = {Gitlab Inc.},
    url = {https://about.gitlab.com/about/}
}

@MISC{gitlabCI,
    title = {GitLab Continuous Integration (GitLab CI/CD)},
    howpublished = {Gitlab Inc.},
    url = {https://docs.gitlab.com/ee/ci/}
}

@MISC{stackOverflowMarkdown,
    title = {Markdown Help},
    howpublished = {Stack Exchange, Inc.},
    url = {https://stackoverflow.com/editing-help}
}

@MISC{gitHubMarkDown,
    title = {Mastering Markdown},
    howpublished = {GitHub Inc.},
    url = {https://guides.github.com/features/mastering-markdown/}
}

@MISC{aceEditor,
    title = {Ace editor},
    howpublished = {Ajax.org},
    url = {https://ace.c9.io/}
}

@MISC{cloud9,
    title = {Cloud9 now runs on and integrates with AWS},
    howpublished = {c9.io education community},
    url = {https://c9.io/announcement},
    year = {2016},
    author = {Ruben Daniels}
}

@MISC{libmagic,
    title = {magic(4)},
    howpublished = {The Linux man-pages project},
    url = {http://man7.org/linux/man-pages/man4/magic.4.html}
}

@MISC{pygments,
    title = {Pygments FAQ},
    howpublished = {pygments.org},
    url = {http://pygments.org/faq/}
}

@book{lTorvalds,
    author = {Linus Torvalds \& David Diamond},
    title = {Just for fun : the story of an accidental revolutionary},
    publisher = {HarperBusiness},
    address = {New York, NY},
    year = {2001},
    ISBN = {0066620724}
}

@book{wysiwyg,
    title = {Collins English Dictionary Complete and Unabridged edition},
    publisher = {HarperCollins},
    year = {2014},
    ISBN = {0007522746}
}

@inbook{git,
    author = {Anthony Scopatz \& Kathryn D. Huff},
    title = {Effective Computation in Physics: Field Guide to Research with Python},
    publisher = {O'Reilly Media, Inc.},
    address = {1005 Gravenstein Highway North, Sebastopol, CA 95472},
    pages = {351},
    year = {2015},
    ISBN = {1491901535}
}