
@book{reqsEng,
    author = {Berenbach, Brian and Daniel, Paulish and Katzmeier, Juergen and Rudorfer, Arnold}, title = {Software \& Systems Requirements Engineering: In Practice},
    publisher = {McGraw-Hill Education},
    address = {New York, NY},
    year = {2009},
    ISBN = {9780071605472}
}

@book{functionalReqs,
  title={Systems Engineering Fundamentals},
  author={United States Government US Army},
  ISBN={1484120833},
  year={2001},
  chapter = 4,
  publisher={Defense Acquisition University Press},
  address = {Fort Belvoir, VA},
  url = {https://web.archive.org/web/20170131231503/http://www.dau.mil/publications/publicationsdocs/sefguide%2001-01.pdf}
}

@book{useCase,
    title = {Writing effective use cases},
    author = {Cockburn, Alistair},
    year = {2011},
    publisher = {Addison-Wesley},
    address = {Boston; Toronto},
    ISBN = {0201702258}
}